@article{einstein,
    author = "Albert Einstein",
    title = "{Zur Elektrodynamik bewegter K{\"o}rper}. ({German})
    [{On} the electrodynamics of moving bodies]",
    journal = "Annalen der Physik",
    volume = "322",
    number = "10",
    pages = "891--921",
    year = "1905",
    DOI = "http://dx.doi.org/10.1002/andp.19053221004",
    keywords = "physics"
}

@article{mightier_pen,
author = {Pam A. Mueller and Daniel M. Oppenheimer},
title ={The Pen Is Mightier Than the Keyboard: Advantages of Longhand Over Laptop Note Taking},
journal = {Psychological Science},
volume = {25},
number = {6},
pages = {1159-1168},
year = {2014},
doi = {10.1177/0956797614524581},
    note ={PMID: 24760141},

URL = {
        https://doi.org/10.1177/0956797614524581

},
eprint = {
        https://doi.org/10.1177/0956797614524581

}
}

@ARTICLE{advantage_of_handwriting,

AUTHOR={Ihara, Aya S. and Nakajima, Kae and Kake, Akiyuki and Ishimaru, Kizuku and Osugi, Kiyoyuki and Naruse, Yasushi},

TITLE={Advantage of Handwriting Over Typing on Learning Words: Evidence From an N400 Event-Related Potential Index},

JOURNAL={Frontiers in Human Neuroscience},

VOLUME={15},

YEAR={2021},

URL={https://www.frontiersin.org/articles/10.3389/fnhum.2021.679191},

DOI={10.3389/fnhum.2021.679191},

ISSN={1662-5161}
}

@article{technology_vocab,
author = {Tao Hao and Zhe Wang and Yuliya Ardasheva},
title = {Technology-Assisted Vocabulary Learning for EFL Learners: A Meta-Analysis},
journal = {Journal of Research on Educational Effectiveness},
volume = {14},
number = {3},
pages = {645-667},
year  = {2021},
publisher = {Routledge},
doi = {10.1080/19345747.2021.1917028},

URL = {
        https://doi.org/10.1080/19345747.2021.1917028

},
eprint = {
        https://doi.org/10.1080/19345747.2021.1917028
}
}

